
@article{ImprovedSK,
  author    = {Marco Massarotto and
               Oscar Casas and
               Vittorio Ferrari and
               Ramon Pallas-Areny},
  title     = {Improved Fully Differential Analog Filters},
  journal   = {IEEE T. Instrumentation and Measurement},
  volume    = {56},
  number    = {6},
  year      = {2007},
  pages     = {2464-2469},
  ee        = {http://dx.doi.org/10.1109/TIM.2007.904572},
  publisher	={IEEE Xplore},
  bibsource = {DBLP, http://dblp.uni-trier.de}
}

@article{vca_data,
  title		={THAT 2180 Blackmer® IC Voltage Controlled Amplifier - Datasheet},
  year		={2008},
  author	={THATCorp},
  note		={\url{http://www.thatcorp.com/datashts/THAT_2180-Series_Datasheet.pdf}}
}
@article{adc_data,
  title		={LTC1864 - 16-Bit, 250ksps 1-Channel ADC - Datasheet},
  year		={2007},
  author	={Linear Technologies},
  note		={\url{http://www.linear.com/docs/4062}}
}
@article{dac_data,
  year		={1998},
  title		={LTC1655 - 16-Bit Rail-to-Rail Micropower DAC - Datasheet},
  author	={Linear Technologies},
  note		={\url{http://www.linear.com/docs/2271}}
}
@article{opv_data,
  title		={OPA2277 High Precision OPERATIONAL AMPLIFIER - Datasheet},
  author	={Texas Instruments},
  year		={2005},
  note		={\url{http://www.ti.com/lit/gpn/opa2277}}
}
@article{lm317_data,
  title		={LM337 Adjustable Positive Voltage Regulator - Datasheet},
  year		={2004},
  url		={http://www.ti.com/lit/gpn/lm337},
  note		={\url{http://www.ti.com/lit/gpn/lm337}},
  author	={Texas Instruments}
}
@article{lm337_data,
  title		={LM317 Adjustable Negative Voltage Regulator - Datasheet},
  year		={1999},
  url		={	http://www.ti.com/lit/gpn/lm317},
  note		={\url{http://www.ti.com/lit/gpn/lm317}},
  author	={Texas Instruments}
}
@article{mto31,
  title		={Analog Devices App Note MT-031, Grounding Data Converters},
  author	={Walt Kester},
  year		={10/2008},
  note		={\url{http://www.analog.com/static/imported-files/tutorials/MT-031.pdf}}
}
@book{tietzeschenk,
  title		={Halbleiter-Schaltungstechnik},
  author	={Ulrich Tietze and Christoph Schenk},
  isbn		={9783540428497},
  url		={http://books.google.at/books?id=h6A0HyamoTIC},
  year		={2002},
  publisher	={Springer}
}